<?xml version="1.0" encoding="UTF-8"?><record xmlns="http://www.loc.gov/MARC21/slim" xmlns:cinclude="http://apache.org/cocoon/include/1.0" xmlns:zs="http://www.loc.gov/zing/srw/">
  <leader>00663cz  a2200133n  4500</leader>
  <controlfield tag="001">n  87885537 </controlfield>
  <controlfield tag="003">DLC</controlfield>
  <controlfield tag="005">20080303075548.0</controlfield>
  <controlfield tag="008">880505n| acannaabn          |n ana      </controlfield>
  <datafield tag="010" ind1=" " ind2=" ">
    <subfield code="a">n  87885537 </subfield>
  </datafield>
  <datafield tag="035" ind1=" " ind2=" ">
    <subfield code="a">(OCoLC)oca02268357</subfield>
  </datafield>
  <datafield tag="040" ind1=" " ind2=" ">
    <subfield code="a">DLC</subfield>
    <subfield code="b">eng</subfield>
    <subfield code="c">DLC</subfield>
    <subfield code="d">DLC</subfield>
    <subfield code="d">OCoLC</subfield>
  </datafield>
  <datafield tag="110" ind1="2" ind2=" ">
    <subfield code="a">Aerospace Research Center (Aerospace Industries Association of America).</subfield>
    <subfield code="b">Economic Data Service</subfield>
  </datafield>
  <datafield tag="670" ind1=" " ind2=" ">
    <subfield code="a">Aerospace facts and figures, 1986-1987, surrogate:</subfield>
    <subfield code="b">verso of t.p. (Economic Data Service, Aerospace Research Center; Aerospace Industries Association of America, Inc.); OCLC #5305620 (Aerospace Research Center (Aerospace Industries Association of America). Economic Data Service)</subfield>
  </datafield>
</record>